%Add references here using the correct format of the cite package

@article{example2025,
  author = {John Doe and Jane Smith},
  title = {An Example Article for Demonstration},
  journal = {Journal of Examples},
  year = {2025},
  volume = {42},
  number = {3},
  pages = {123--456}
}
